@article{abdi2017simple,
  title={A simple estimation of bid-ask spreads from daily close, high, and low prices},
  author={Abdi, Farshid and Ranaldo, Angelo},
  journal={The review of financial studies},
  volume={30},
  number={12},
  pages={4437--4480},
  year={2017}
}

@article{akhigbe1998winners,
  title={Winners and losers on NYSE: A re-examination using daily closing bid-ask spreads},
  author={Akhigbe, Aigbe and Gosnell, Thomas and Harikumar, T},
  journal={Journal of Financial Research},
  volume={21},
  pages={53--64},
  year={1998}
}

@article{araujo2014adverse,
  title={The adverse selection cost component of the spread of Brazilian stocks},
  author={Ara{\'u}jo, Gilberto S and Barbedo, Carlos Henrique da S and Vicente, Jos{\'e} Vicente M},
  journal={Emerging markets review},
  volume={21},
  pages={21--41},
  year={2014}
}

@article{ardia2023efficient,
  title={Efficient estimation of bid-ask spreads from open, high, low, and close prices},
  author={Ardia, David and Guidotti, Emanuele and Kroencke, Tim A},
  journal={SSRN Electronic Journal},
  year={2023}
}

@article{atkins1990price,
  title={Price Reversals, Bid-Ask Spreads, and Market Efficiency},
  author={Atkins, Allen B and Dyl, Edward A},
  journal={Journal of Financial and Quantitative Analysis},
  volume={25},
  number={4},
  pages={535--547},
  year={1990},
  doi={10.2307/2331015}
}

@book{malkiel2007random,
  title={A random walk down Wall Street: the time-tested strategy for successful investing},
  author={Malkiel, Burton Gordon},
  year={2007},
  publisher={W.W. Norton},
  address={New York}
}

@article{cattivelli2019sharp,
  title={A SHARP model of bid--ask spread forecasts},
  author={Cattivelli, Luca and Pirino, Davide},
  journal={International journal of forecasting},
  volume={35},
  number={4},
  pages={1211--1225},
  year={2019}
}

@article{cavalcante2020metodos,
  title={Métodos de revisão bibliográfica nos estudos científicos},
  author={Cavalcante, Luiz V C and Oliveira, Antonio A S},
  journal={Psicologia em Revista},
  volume={26},
  number={1},
  pages={83--102},
  year={2020},
  month={abr},
  address={Belo Horizonte}
}

@article{chordia2000commonality,
  title={Commonality in liquidity},
  author={Chordia, Tarun and Roll, Richard and Subrahmanyam, Avanidhar},
  journal={Journal of financial economics},
  volume={56},
  number={1},
  pages={3--28},
  year={2000}
}

@article{conroy1990effects,
  title={The effects of stock splits on bid-ask spreads},
  author={Conroy, Robert M and Harris, Robert S and Benet, Bruce A},
  journal={The journal of finance},
  volume={45},
  number={4},
  pages={1285--1295},
  year={1990}
}

@article{correia2014determinantes,
  title={Determinantes da liquidez de mercado de ações negociadas},
  author={Correia, Luiz F and Amaral, Henrique},
  journal={Revista Brasileira de Economia},
  volume={68},
  number={1},
  pages={89--110},
  year={2014}
}

@article{corwin2012simple,
  title={A simple way to estimate bid-ask spreads from daily high and low prices},
  author={Corwin, Shane A and Schultz, Paul},
  journal={The journal of finance},
  volume={67},
  number={2},
  pages={719--760},
  year={2012}
}

@book{dejong2009microstructure,
  title={The Microstructure of Financial Markets},
  author={De Jong, Frank and Rindi, Barbara},
  year={2009},
  publisher={Cambridge University Press},
  address={Cambridge}
}

@article{demsetz1968cost,
  title={The cost of transacting},
  author={Demsetz, Harold},
  journal={The Quarterly Journal of Economics},
  volume={82},
  number={1},
  pages={33},
  year={1968}
}

@article{easley1987price,
  title={Price, trade size, and information in securities markets},
  author={Easley, David and O’Hara, Maureen},
  journal={Journal of financial economics},
  volume={19},
  number={1},
  pages={69--90},
  year={1987}
}

@article{fama1965behavior,
  title={The behavior of stock-market prices},
  author={Fama, Eugene F},
  journal={The journal of business},
  volume={38},
  number={1},
  pages={34},
  year={1965}
}

@article{fama1970efficient,
  title={Efficient capital markets: A review of theory and empirical work},
  author={Fama, Eugene F},
  journal={The journal of finance},
  volume={25},
  number={2},
  pages={383},
  year={1970}
}

@article{ferreira2021impacto,
  title={Impacto assimétrico do sentimento do investidor na volatilidade do mercado acionário brasileiro},
  author={Ferreira, Eduardo and outros},
  journal={Revista Brasileira de Gestão de Negócios},
  volume={23},
  number={2},
  pages={34--52},
  year={2021}
}

@article{george1991estimation,
  title={Estimation of the Bid-ask Spreads and its Components: A New Approach},
  author={George, Thomas J and Kaul, Gautam and Nimalendran, M},
  journal={Review of Financial Studies},
  pages={623--656},
  year={1991}
}

@article{glosten1985bid,
  title={Bid, ask and transaction prices in a specialist market with heterogeneously informed traders},
  author={Glosten, Lawrence R and Milgrom, Paul R},
  journal={Journal of financial economics},
  volume={14},
  number={1},
  pages={71--100},
  year={1985}
}

@book{harris2003trading,
  title={Trading and Exchanges: Market Microstructure for Practitioners},
  author={Harris, Lawrence},
  year={2003},
  publisher={Oxford University Press},
  address={Oxford}
}

@article{hendershott2011algorithmic,
  title={Does algorithmic trading improve liquidity?},
  author={Hendershott, Terrence and Jones, Charles M and Menkveld, Albert J},
  journal={The journal of finance},
  volume={66},
  number={1},
  pages={1--33},
  year={2011}
}

@article{holden2014liquidity,
  title={Liquidity measurement problems in fast, competitive markets: Expensive and cheap solutions: Liquidity measurement problems in fast, competitive markets},
  author={Holden, Craig W and Jacobsen, Stacey},
  journal={The journal of finance},
  volume={69},
  number={4},
  pages={1747--1785},
  year={2014}
}

@article{huang1997components,
  title={The components of the bid-ask spread: A general approach},
  author={Huang, Roger D and Stoll, Hans R},
  journal={The review of financial studies},
  volume={10},
  number={4},
  pages={995--1034},
  year={1997}
}

@article{ichimura2020asymmetric,
  title={Asymmetric information and daily stock prices in Brazil},
  author={Ichimura, Daniel and Videira, Ricardo and Ripamonti, Alexandre},
  journal={Estudios gerenciales},
  pages={465--472},
  year={2020}
}

@article{jensen1978anomalous,
  title={Some anomalous evidence regarding market efficiency},
  author={Jensen, Michael C},
  journal={Journal of Financial Economics},
  volume={6},
  number={2-3},
  pages={95--101},
  year={1978},
  month={jun}
}

@book{oliveira2018fator,
  title={Como o fator de iliquidez afeta o retorno das ações brasileiras: Estudo Empírico},
  author={Oliveira, Ricardo},
  year={2018},
  publisher={Insper},
  address={São Paulo}
}

@article{peat2009market,
  title={Market data resources for researchers: The SIRCA data repository},
  author={Peat, Mark},
  journal={The Australian economic review},
  volume={42},
  number={4},
  pages={490--495},
  year={2009}
}

@book{pinto2018analise,
  title={Análise dos principais componentes do bid-ask spread de opções sobre ações no mercado brasileiro},
  author={Pinto, Paulo},
  year={2018},
  publisher={Insper},
  address={São Paulo}
}

@article{ripamonti2016corwin,
  title={Corwin-Schultz bid-ask spread estimator in the Brazilian stock market},
  author={Ripamonti, Alexandre},
  journal={Brazilian Administration Review},
  volume={13},
  number={1},
  pages={76--97},
  year={2016}
}

@article{roll1984simple,
  title={A simple implicit measure of the effective bid-ask spread in an efficient market},
  author={Roll, Richard},
  journal={The journal of finance},
  volume={39},
  number={4},
  pages={1127},
  year={1984}
}

@article{stoikov2018micro,
  title={The micro-price: a high-frequency estimator of future prices},
  author={Stoikov, Sasha},
  journal={Quantitative finance},
  volume={18},
  number={12},
  pages={1959--1966},
  year={2018}
}

@article{stoll1989inferring,
  title={Inferring the components of the bid-ask spread: Theory and empirical tests},
  author={Stoll, Hans R},
  journal={The journal of finance},
  volume={44},
  number={1},
  pages={115--134},
  year={1989}
}

@book{toledo2016determinantes,
  title={Determinantes da remuneração do spread de certificados de recebíveis do agronegócio no mercado brasileiro},
  author={Toledo, Ricardo},
  year={2016},
  publisher={Fundação Getúlio Vargas},
  address={São Paulo}
}

@misc{ryan2024quantmod,
  author = {Jeffrey Ryan and Joshua Ulrich},
  title = {Quantmod: Quantitative Financial Modelling Framework},
  year = {2024},
  howpublished = {\url{https://github.com/joshuaulrich/quantmod}},
  note = {Accessed: 2024-11-24}
}